@article{lin2023codesign,
author = {Lin, Ji and Chen, Wei-Ming and Han, Song},
year = {2023},
month = {10},
pages = {349-370},
title = {Algorithm-System Co-design for Efficient and Hardware-Aware Embedded Machine Learning},
isbn = {978-3-031-39931-2},
doi = {10.1007/978-3-031-39932-9_14}
}

@article{hao2020fpga,
 author = {Hao, Cong and Zhang, Xiaofan and Li, Yuhong and Huang, Sitao and Xiong, Jinjun and Rupnow, Kyle and Hwu, Wen-mei and Chen, Deming},
year = {2019},
month = {06},
pages = {1-6},
title = {FPGA/DNN Co-Design: An Efficient Design Methodology for IoT Intelligence on the Edge},
doi = {10.1145/3316781.3317829}
}

@article{zhang2024edge,
author = {Zheng, Yue and Chen, Yuhao and Qian, Bin and Shi, Xiufang and Shu, Yuanchao and Chen, Jiming},
year = {2024},
month = {09},
pages = {},
title = {A Review on Edge Large Language Models: Design, Execution, and Applications},
doi = {10.48550/arXiv.2410.11845}
}

@phdthesis{atienza2023codesign,
  author = {Atienza, D.},
  title = {Hardware-Software Co-Design Methodologies for Edge AI Optimization},
  school = {EPFL},
  year = {2023}
}

@inproceedings{lai2018cmsisnn,
  author = {Lai, L. and Suda, N. and Chandra, V.},
  title = {CMSIS-NN: Efficient Neural Network Kernels for Arm Cortex-M CPUs},
  booktitle = {Proc. IEEE/ACM Int. Conf. Computer-Aided Design (ICCAD)},
  year = {2018},
  pages = {1--6},
  address = {San Diego, CA, USA}
}

@article{bushur2023keyword,
  author = {Bushur, J. and Chen, C.},
  title = {Neural Network Exploration for Keyword Spotting on Edge Devices},
  journal = {Future Internet},
  volume = {15},
  number = {6},
  pages = {219},
  year = {2023}
}

@misc{arm2023cmsislib,
  author = {{Arm Ltd.}},
  title = {CMSIS-NN Software Library (Arm Cortex-M Neural Network Kernels)},
  year = {2023},
  howpublished = {\url{https://developer.arm.com/documentation/102585/0300/}},
}

@misc{arm2023memmodel,
  author       = {Arm Ltd.},
  title        = {Arm cortex-m architecture memory model},
  year         = {2023},
  howpublished = {\url{https://developer.arm.com/documentation/ddi0553}},
}


@misc{embedded2024iotsecurity,
  author = {Embedded.com},
  title = {IoT Security in 2024: Trends and Best Practices},
  year = {2024},
  month = {Jan},
  howpublished = {\url{https://www.embedded.com/iot-security-in-2024-trends-and-best-practices/}},
}

@article{zhang2025survey,
  author = {Zhang, R. and Jiang, H. and Wang, W. and Liu, J.},
  title = {Optimization Methods, Challenges, and Opportunities for Edge Inference: A Comprehensive Survey},
  journal = {Electronics},
  volume = {14},
  number = {7},
  pages = {1345},
  year = {2025},
  month = {Mar}
}

@misc{iso31000,
  title        = {{ISO 31000:2018} -- Risk Management -- Guidelines},
  howpublished = {\url{https://www.iso.org/standard/65694.html}},
  year         = {2018},
}

@misc{deloitte2021supplychain,
  author       = {{Deloitte Insights}},
  title        = {Global Semiconductor Supply Chain Disruptions},
  year         = {2021},
}

@article{krishnamoorthi2018quantizing,
  author       = {Raghuraman Krishnamoorthi},
  title        = {Quantizing Deep Convolutional Networks for Efficient Inference},
  year         = {2018},
  journal      = {ICLR (OpenReview)},
  howpublished = {\url{https://openreview.net/forum?id=rJzIBfZAb}},
}

@techreport{nist2022supplychain,
  author       = {National Institute of Standards and Technology (NIST)},
  title        = {Supply Chain Risk Management Practices for Federal Information Systems and Organizations},
  number       = {SP 800-161 Rev. 1},
  year         = {2022},
  institution  = {NIST},
  howpublished = {\url{https://csrc.nist.gov/publications/detail/sp/800-161/rev-1/final}},
}

@misc{ec2020amga,
  author       = {{European Commission}},
  title        = {Horizon 2020 Annotated Model Grant Agreement},
  year         = {2020},
  howpublished = {\url{https://ec.europa.eu/research/participants/data/ref/h2020/grants_manual/amga/h2020-amga_en.pdf}},
}
@misc{ec_amga2020,
  author = {{European Commission}},
  title = {Horizon 2020 Annotated Model Grant Agreement},
  year = {2020},
  howpublished = {\url{https://ec.europa.eu/research/participants/data/ref/h2020/grants_manual/amga/h2020-amga_en.pdf}},
}

@article{Tuli2022codebench,
  author    = {S. Tuli and C.-H. Li and R. Sharma and N. K. Jha},
  title     = {{CODEBench: A Neural Architecture and Hardware Accelerator Co-Design Framework}},
  journal   = {arXiv preprint arXiv:2212.03965},
  year      = {2022},
  month     = dec,
  url       = {https://arxiv.org/abs/2212.03965}
}

@article{Luo2021hscn,
  author    = {X. Luo and D. Liu and S. Huai and W. Liu},
  title     = {{HSCoNAS: Hardware-Software Co-Design of Efficient DNNs via Neural Architecture Search}},
  journal   = {arXiv preprint arXiv:2103.08325},
  year      = {2021},
  month     = mar,
  url       = {https://arxiv.org/abs/2103.08325}
}

@article{Lu2022semi,
  author    = {B. Lu and Z. Yan and Y. Shi and S. Ren},
  title     = {{A Semi-Decoupled Approach to Fast and Optimal Hardware-Software Co-Design of Neural Accelerators}},
  journal   = {arXiv preprint arXiv:2203.13921},
  year      = {2022},
  month     = mar,
  url       = {https://arxiv.org/abs/2203.13921}
}
